
@article{zhao2011,
title = "h-Degree as a basic measure in weighted networks",
journal = "Journal of Informetrics",
volume = "5",
number = "4",
pages = "668 - 677",
year = "2011",
note = "",
issn = "1751-1577",
doi = "10.1016/j.joi.2011.06.005",
url = "http://www.sciencedirect.com/science/article/pii/S1751157711000691",
author = "Star X. Zhao and Ronald Rousseau and Fred Y. Ye",
keywords = "h-Degree",
keywords = "Node strength",
keywords = "Network analysis",
keywords = "Weighted networks",
keywords = "Informetric networks"
}

@article{arxvi:h,
title = {Hirsch index as a network centrality measure},
author = {Monica G. Campiteli AND Adriano J. Holanda AND Paulo
                  R. C. Soles AND Leonardo
                  H. D. Soares AND Osame Kinouchi},
year = {2010},
journal = {arXiv:1005.4803v2 [physics.soc-ph]},
}

@INPROCEEDINGS{wang2009,
author={Lei Wang and Zheng Wang and Chen Yang and Li Zhang and Qiang Ye},
booktitle={Software Maintenance, 2009. ICSM 2009. IEEE International Conference on},
title={Linux kernels as complex networks: A novel method to study evolution},
year={2009},
month={sept.},
volume={},
number={},
pages={41 -50},
keywords={Linux kernel evolution;Linux kernel modules;scale-free small-world complex networks;software system evolution;Linux;software engineering;},
doi={10.1109/ICSM.2009.5306348},
ISSN={1063-6773},}

@article{Jenkins2009,
title = "Software architecture graphs as complex networks: A novel partitioning scheme to measure stability and evolution",
journal = "Information Sciences",
volume = "177",
number = "12",
pages = "2587 - 2601",
year = "2007",
note = "",
issn = "0020-0255",
doi = "10.1016/j.ins.2007.01.021",
url = "http://www.sciencedirect.com/science/article/pii/S0020025507000515",
author = "S. Jenkins and S.R. Kirk",
keywords = "Software measurement",
keywords = "Software metric",
keywords = "Lehman’s laws",
keywords = "Complexity",
keywords = "Scale-free",
keywords = "Directed network",
keywords = "Power law"
}

@article{cai2009,
title = "Software execution processes as an evolving complex network",
journal = "Information Sciences",
volume = "179",
number = "12",
pages = "1903 - 1928",
year = "2009",
note = "<ce:title>Special Section: Web Search</ce:title>",
issn = "0020-0255",
doi = "10.1016/j.ins.2009.01.011",
url = "http://www.sciencedirect.com/science/article/pii/S002002550900036X",
author = "Kai-Yuan Cai and Bei-Bei Yin",
keywords = "Software execution process",
keywords = "Directed topological graph",
keywords = "Software mirror graph",
keywords = "Complex network",
keywords = "Software law problem",
keywords = "Experimental softwarics"
}

@article{zheng2008,
title = "Analyzing open-source software systems as complex networks",
journal = "Physica A: Statistical Mechanics and its Applications",
volume = "387",
number = "24",
pages = "6190 - 6200",
year = "2008",
note = "",
issn = "0378-4371",
doi = "10.1016/j.physa.2008.06.050",
url = "http://www.sciencedirect.com/science/article/pii/S0378437108005852",
author = "Xiaolong Zheng and Daniel Zeng and Huiqian Li and Feiyue Wang",
keywords = "Open-source software systems",
keywords = "Complex networks",
keywords = "Degree distribution"
}


@article{myers2003,
  volume = {68},
  journal = {Phys. Rev. E},
  month = {Oct},
  numpages = {15},
  author = {Myers, Christopher R.},
  title = {Software systems as complex networks: Structure, function, and evolvability of software collaboration graphs},
  year = {2003},
  url = {http://link.aps.org/doi/10.1103/PhysRevE.68.046116},
  doi = {10.1103/PhysRevE.68.046116},
  issue = {4},
  publisher = {American Physical Society},
  pages = {046116}
}

@Book{zipf32,  
  author = {George K. Zipf}, 
  title = 	 {Selected Studies of the Principle of Relative Frequency in Language},
  publisher = 	 {Cambridge, Massachussets},
  year = 	 {1932},
 comments = {George Kingsley Zipf},
}

@InProceedings{kmeans,
  author = 	 {James B. MacQueen},
  title = 	 {Some methods for classification and analysis of multivariate observations},
  booktitle = {Proc. Fifth Berkeley Symp. on Math. Statist. and Prob.},
  pages = 	 {281--297},
  year = 	 {1967},
  volume = 	 {1},
  publisher = {Univ. of Calif. Press},
 }

@comment{{ Your use of the JSTOR archive indicates your acceptance of JSTOR's Terms and Conditions of Use http://www.jstor.org/page/info/about/policies/terms.jsp. If you have questions or need assistance using JSTOR, please contact JSTOR Support ($acsServer/action/showContactSupportForm) and let us know how we can help you. }}
@comment{{NUMBER OF CITATIONS : 1}}
    @article{em1977,
     jstor_articletype = {primary_article},
     title = {Maximum Likelihood from Incomplete Data via the {EM} Algorithm},
     author = {Dempster, A. P. and Laird, N. M. and Rubin, D. B.},
     journal = {Journal of the Royal Statistical Society. Series B (Methodological)},
     jstor_issuetitle = {},
     volume = {39},
     number = {1},
     jstor_formatteddate = {1977},
     pages = {1--38},
     url = {http://www.jstor.org/stable/2984875},
     ISSN = {00359246},
     language = {},
     year = {1977},
     publisher = {Blackwell Publishing for the Royal Statistical Society},    
     copyright = {Copyright © 1977 Royal Statistical Society},
    }
@comment{{ These records have been provided through JSTOR. http://www.jstor.org }}

@article{zipf:lisp,
 author = {Clark,, Douglas W. and Green,, C. Cordell},
 title = {An empirical study of list structure in Lisp},
 journal = {Commun. ACM},
 volume = 20,
 number = 2,
 year = 1977,
 issn = {0001-0782},
 pages = {78--87},
 doi = {http://doi.acm.org/10.1145/359423.359427},
 publisher = {ACM},
 address = {New York, NY, USA},
 }

@article{watts-1998,
    address = {Department of Theoretical and Applied Mechanics, Cornell University, Ithaca, New York 14853, USA. djw24@columbia.edu},
    author = {Watts, Duncan J. and Strogatz, Steven H.},
    citeulike-article-id = {99},
    citeulike-linkout-0 = {http://dx.doi.org/10.1038/30918},
    citeulike-linkout-1 = {http://dx.doi.org/10.1038/393440a0},
    citeulike-linkout-2 = {http://view.ncbi.nlm.nih.gov/pubmed/9623998},
    citeulike-linkout-3 = {http://www.hubmed.org/display.cgi?uids=9623998},
    citeulike-linkout-4 = {http://www.wormbase.org/db/misc/paper?name=WBPaper00005414},
    day = {04},
    doi = {10.1038/30918},
    issn = {0028-0836},
    journal = {Nature},
    keywords = {clustering, complex\_networks, small\_world},
    month = {June},
    number = {6684},
    pages = {440--442},
    posted-at = {2010-02-25 13:17:00},
    priority = {2},
    publisher = {Nature Publishing Group},
    title = {Collective dynamics of 'small-world' networks},
    url = {http://dx.doi.org/10.1038/30918},
    volume = {393},
    year = {1998}
}



@Book{chung2006,
  author = 	 {Fan Chung AND Linyuan Lu},
  title = 	 {Complex Graphs and Networks (CBMS Regional Conference Series in Mathematics)},
  publisher = 	 {American Mathematical Society},
  year = 	 {1996},
}

@article{barrat-2000,
    author = {Alain Barrat AND Martin Weigt},
    citeulike-article-id = {274569},
    citeulike-linkout-0 = {http://dx.doi.org/10.1007/s100510050067},
    citeulike-linkout-1 = {http://www.metapress.com/content/0HGUCD51T90CKB12},
    citeulike-linkout-2 = {http://www.springerlink.com/content/0hgucd51t90ckb12},
    day = {19},
    doi = {10.1007/s100510050067},
    issn = {1434-6028},
    journal = {The European Physical Journal B - Condensed Matter and Complex Systems},
    keywords = {small\_world},
    month = {January},
    number = {3},
    pages = {547--560},
    posted-at = {2010-03-01 18:10:31},
    priority = {2},
    title = {On the properties of small-world network models},
    url = {http://dx.doi.org/10.1007/s100510050067},
    volume = {13},
    year = {2000}
}

@Article{brandes2001,
  author = 	 {Ulrik Brandes},
  title = 	 {A faster algorithm for betweenness centrality},
  journal = 	 {Journal of Mathematical Sociology},
  year = 	 {2001},
  volume = 	 {25},
  number = 	 {2},
  pages = 	 {163--167},
  }

@Article{zipf_internet,
  author = 	 {Lada A. Adamic AND Bernardo A. Huberman},
  title = 	 {Zipf's law and the Internet},
  journal = 	 {Glottometrics 3, 2002,143-150 To honor G.K. Zipf},
  year = 	 {2002},
  volume = 	 {3},
  pages = 	 {143-150},
}

@article{valverde-2002,
  author={Sergi Valverde and Ramon Ferrer Cancho and Ricard V. Sole},
  title={Scale-free networks from optimal design},
  journal={EPL (Europhysics Letters)},
  volume={60},
  number={4},
  pages={512-517},
  url={http://stacks.iop.org/0295-5075/60/512},
  year={2002},
}

@Misc{moby_thesaurus_ii,
  author = 	 {Grady Hardy},
  title = 	 {Moby {T}hesaurus {II} -- {P}roject {G}utenberg {R}elease \#3202},
  howpublished = {http://onlinebooks.library.upenn.edu/webbin/gutbook/lookup?num=3202},
  month = 	 {May},
  year = 	 {2002},
}
@ARTICLE{newman-2003-45,
  author = {Mark E. J. Newman},
  title = {The structure and function of complex networks},
  journal = {SIAM Review},
  volume = {45},
  pages = {167},
  url = {http://www.citebase.org/abstract?id=oai:arXiv.org:cond-mat/0303516},
  year = {2003}
}

@Article{cnet:thesaurus,
  author =      {Adriano J. Holanda AND Ivan T. Pisa AND Osame Kinouchi AND Alexandre S. Martinez AND Evandro E. S. Ruiz},
  title =       {Thesaurus as a Complex Network},
  journal =     {Physica A},
  year =        2004,
  volume =      344,
  pages =       {530--536},
}
@article{barrat-2004,
author = {Barrat, A. and Barthélemy, M. and Pastor-Satorras, R. and Vespignani, A.},
title={{The architecture of complex weighted networks}},
journal = {Proceedings of the National Academy of Sciences of the United States of America},
volume = {101},
number = {11},
pages = {3747-3752},
doi = {10.1073/pnas.0400087101},
year = {2004},
},
URL = {http://www.pnas.org/content/101/11/3747.abstract},
eprint = {http://www.pnas.org/content/101/11/3747.full.pdf+html}
}
@article{schank-2005,
    author = {Thomas Schank and Dorothea Wagner},
    citeulike-article-id = {6725893},
    issn = {1526-1719},
    journal = {Journal of Graph Algorithms and Applications},
    keywords = {clustering, complex\_networks, graph, transitivity},
    number = {2},
    pages = {265--275},
    posted-at = {2010-02-25 11:28:52},
    priority = {2},
    title = {Approximating Clustering Coefficient and Transitivity},
    volume = {9},
    year = {2005}
}

@article{potanin:oop_scale_free,
 author = {Potanin,, Alex and Noble,, James and Frean,, Marcus and Biddle,, Robert},
 title = {Scale-free geometry in {OO} programs},
 journal = {Commun. ACM},
 volume = {48},
 number = {5},
 year = {2005},
 issn = {0001-0782},
 pages = {99--103},
 doi = {http://doi.acm.org/10.1145/1060710.1060716},
 publisher = {ACM},
 address = {New York, NY, USA},
 }
@article{guimera-2005,
author = {Roger Guimer\`a AND Stefano Mossa AND Adrian Turtschi AND Lu\'is A. Nunes Amaral},
title={{The worldwide air transportation network: Anomalous centrality, community structure, and cities' global roles}},
journal = {Proceedings of the National Academy of Sciences of the United States of America},
volume = {102},
number = {22},
pages = {7794-7799},
doi = {10.1073/pnas.0407994102},
year = {2005},
},
URL = {http://www.pnas.org/content/102/22/7794.abstract},
eprint = {http://www.pnas.org/content/102/22/7794.full.pdf+html}
}



@article{minix-login-2006,
author = {Jorrit N. Herder AND Herbert Bos AND Ben Gras AND Philip Homburg AND and Andrew S. Tanenbaum},
title = {Modular System Programming in {MINIX} 3},
journal = {;login: The USENIX Magazine},
volume = 31,
number = 2,
year = 2006,
}

@Article{huber-2007,
AUTHOR = {Huber, Wolfgang and Carey, Vincent and Long, Li and Falcon, Seth and Gentleman, Robert},
TITLE = {Graphs in molecular biology},
JOURNAL = {BMC Bioinformatics},
VOLUME = {8},
YEAR = {2007},
NUMBER = {Suppl 6},
PAGES = {S8},
URL = {http://www.biomedcentral.com/1471-2105/8/S6/S8},
DOI = {10.1186/1471-2105-8-S6-S8},
PubMedID = {17903289},
ISSN = {1471-2105},
}

@article{costa-2007,
  author = {Luciano da F. Costa and Osvaldo N. {Oliveira Jr} and Gonzalo Travieso and Francisco A. Rodrigues and Paulino R.~Villas Boas and Lucas Antiqueira and Matheus P. Viana and Luis E.~C. {da Rocha}},
  title = {Analyzing and Modeling Real-World Phenomena with Complex Networks: A Survey of Applications},
  url = {http://www.citebase.org/abstract?id=oai:arXiv.org:0711.3199},
journal =  {arXiv:0711.3199},
  year = {2007}
}
@ARTICLE{costa-2007-56,
  author = {Luciano da F. Costa and Francisco A. Rodrigues and Gonzalo Travieso and P.~R.~Villas Boas},
  title = {Characterization of complex networks: A survey of measurements},
  journal = {Advances In Physics},
  volume = {56},
  pages = {167},
  url = {doi:10.1080/00018730601170527},
  year = {2007}
}

@article{cnet:culinary,
	author = {Kinouchi, Osame  and Diez-Garcia, Rosa  W.  and Holanda, Adriano  J.  and Zambianchi, Pedro   and Roque, Antonio  C. },
	citeulike-article-id = {2986292},
	doi = {10.1088/1367-2630/10/7/073020},
	issn = {1367-2630},
	journal = {New J. Phys.},
	keywords = {cultural, modelling},
	month = {July},
	number = {7},
	pages = {073020+},
	posted-at = {2008-10-24 10:45:23},
	priority = {2},
	publisher = {Institute of Physics Publishing},
	title = {The non-equilibrium nature of culinary evolution},
	url = {http://dx.doi.org/10.1088/1367-2630/10/7/073020},
	volume = {10},
	year = {2008}
}

@article{barabasi-science-2009,
    author = {Barab\'asi, Albert-L\'aszl\'o},
    citeulike-article-id = {5248382},
    citeulike-linkout-0 = {http://dx.doi.org/10.1126/science.1173299},
    citeulike-linkout-1 = {http://www.sciencemag.org/content/325/5939/412.abstract},
    citeulike-linkout-2 = {http://www.sciencemag.org/content/325/5939/412.full.pdf},
    citeulike-linkout-3 = {http://www.sciencemag.org/cgi/content/abstract/325/5939/412},
    citeulike-linkout-4 = {http://view.ncbi.nlm.nih.gov/pubmed/19628854},
    citeulike-linkout-5 = {http://www.hubmed.org/display.cgi?uids=19628854},
    day = {24},
    doi = {10.1126/science.1173299},
    issn = {1095-9203},
    journal = {Science},
    keywords = {barabasi, complex\_networks},
    month = {July},
    number = {5939},
    pages = {412--413},
    posted-at = {2010-03-01 18:02:15},
    priority = {2},
    title = {Scale-Free Networks: A Decade and Beyond},
    url = {http://dx.doi.org/10.1126/science.1173299},
    volume = {325},
    year = {2009}
}

@book{sgb1993,
  title={{The Stanford GraphBase}: a platform for combinatorial computing},
  author={Donald E. Knuth.},
  isbn={9780201542752},
  lccn={93004233},
  series={ACM Press Series},
  url={http://books.google.fr/books?id=0-5QAAAAMAAJ},
  year={1993},
  publisher={ACM Press}
}